<?xml version="1.0" encoding="UTF-8"?><collection xmlns="http://www.loc.gov/MARC21/slim"><record><leader>00514nam--2200157-i-4500</leader><controlfield tag="001">000010564</controlfield><controlfield tag="002">20161230</controlfield><controlfield tag="005">20170113182831</controlfield><controlfield tag="008">060222s1000------------r-----000-0-eng-d</controlfield><datafield ind1=" " ind2=" " tag="080"><subfield code="a">015:621.375.826</subfield></datafield><datafield ind1=" " ind2=" " tag="100"><subfield code="a">Benattar, Rene</subfield></datafield><datafield ind1=" " ind2=" " tag="245"><subfield code="a">Etude experimentale de la phase initiale de l ionisation produite dans le neon sous l action du rayonnement d un laser a rubis</subfield><subfield code="b">These</subfield></datafield><datafield ind1=" " ind2=" " tag="260"><subfield code="a">Parie</subfield><subfield code="b">L Universite De Paris-sud, Centre D Orsay</subfield><subfield code="c">1971</subfield></datafield><datafield ind1=" " ind2=" " tag="300"><subfield code="a">81 p</subfield></datafield><datafield ind1=" " ind2=" " tag="852"><subfield code="a">38228</subfield></datafield><datafield ind1=" " ind2=" " tag="CAT"><subfield code="a">SYS</subfield><subfield code="c">20170113</subfield><subfield code="h">182831</subfield></datafield></record></collection>